@article{broom-filter,
  author    = {Michael A. Bender and
               Martin Farach{-}Colton and
               Mayank Goswami and
               Rob Johnson and
               Samuel McCauley and
               Shikha Singh},
  title     = {Bloom Filters, Adaptivity, and the Dictionary Problem},
  journal   = {CoRR},
  volume    = {abs/1711.01616},
  year      = {2017},
  url       = {http://arxiv.org/abs/1711.01616},
  archivePrefix = {arXiv},
  eprint    = {1711.01616},
  timestamp = {Mon, 13 Aug 2018 16:47:56 +0200},
  biburl    = {https://dblp.org/rec/bib/journals/corr/abs-1711-01616},
  bibsource = {dblp computer science bibliography, https://dblp.org}
}

@article{quotient-filter,
 author = {Bender, Michael A. and Farach-Colton, Martin and Johnson, Rob and Kraner, Russell and Kuszmaul, Bradley C. and Medjedovic, Dzejla and Montes, Pablo and Shetty, Pradeep and Spillane, Richard P. and Zadok, Erez},
 title = {Don'T Thrash: How to Cache Your Hash on Flash},
 journal = {Proc. VLDB Endow.},
 issue_date = {July 2012},
 volume = {5},
 number = {11},
 month = jul,
 year = {2012},
 issn = {2150-8097},
 pages = {1627--1637},
 numpages = {11},
 url = {http://dx.doi.org/10.14778/2350229.2350275},
 doi = {10.14778/2350229.2350275},
 acmid = {2350275},
 publisher = {VLDB Endowment},
} 

@article{adaptive-cuckoo,
author = {Michael Mitzenmacher and Salvatore Pontarelli and Pedro Reviriego},
title = {Adaptive Cuckoo Filters},
journal = {2018 Proceedings of the Twentieth Workshop on Algorithm Engineering and Experiments (ALENEX)},
chapter = {},
year = {2018},
pages = {36-47},
doi = {10.1137/1.9781611975055.4},
URL = {https://epubs.siam.org/doi/abs/10.1137/1.9781611975055.4},
eprint = {https://epubs.siam.org/doi/pdf/10.1137/1.9781611975055.4}
}

@inproceedings{cuckoo-filter,
 author = {Fan, Bin and Andersen, Dave G. and Kaminsky, Michael and Mitzenmacher, Michael D.},
 title = {Cuckoo Filter: Practically Better Than Bloom},
 booktitle = {Proceedings of the 10th ACM International on Conference on Emerging Networking Experiments and Technologies},
 series = {CoNEXT '14},
 year = {2014},
 isbn = {978-1-4503-3279-8},
 location = {Sydney, Australia},
 pages = {75--88},
 numpages = {14},
 url = {http://doi.acm.org/10.1145/2674005.2674994},
 doi = {10.1145/2674005.2674994},
 acmid = {2674994},
 publisher = {ACM},
 address = {New York, NY, USA},
 keywords = {bloom filters, compression, cuckoo hashing},
}

@book{prob-textbook,
 author = {Mitzenmacher, Michael and Upfal, Eli},
 title = {Probability and Computing: Randomization and Probabilistic Techniques in Algorithms and Data Analysis},
 year = {2017},
 isbn = {110715488X, 9781107154889},
 edition = {2nd},
 publisher = {Cambridge University Press},
 address = {New York, NY, USA},
} 

@article{cuckoo-hash,
  title={Cuckoo hashing},
  author={Pagh, Rasmus and Rodler, Flemming Friche},
  journal={Journal of Algorithms},
  volume={51},
  number={2},
  pages={122--144},
  year={2004},
  publisher={Elsevier}
}

@article{backyard-hashing,
  author    = {Yuriy Arbitman and
               Moni Naor and
               Gil Segev},
  title     = {Backyard Cuckoo Hashing: Constant Worst-Case Operations with a Succinct
               Representation},
  journal   = {CoRR},
  volume    = {abs/0912.5424},
  year      = {2009},
  url       = {http://arxiv.org/abs/0912.5424},
  archivePrefix = {arXiv},
  eprint    = {0912.5424},
  timestamp = {Sun, 16 Jun 2019 18:48:42 +0200},
  biburl    = {https://dblp.org/rec/bib/journals/corr/abs-0912-5424},
  bibsource = {dblp computer science bibliography, https://dblp.org}
}

@inproceedings{bloomier-filter,
 author = {Chazelle, Bernard and Kilian, Joe and Rubinfeld, Ronitt and Tal, Ayellet},
 title = {The Bloomier Filter: An Efficient Data Structure for Static Support Lookup Tables},
 booktitle = {Proceedings of the Fifteenth Annual ACM-SIAM Symposium on Discrete Algorithms},
 series = {SODA '04},
 year = {2004},
 isbn = {0-89871-558-X},
 location = {New Orleans, Louisiana},
 pages = {30--39},
 numpages = {10},
 url = {http://dl.acm.org/citation.cfm?id=982792.982797},
 acmid = {982797},
 publisher = {Society for Industrial and Applied Mathematics},
 address = {Philadelphia, PA, USA},
}

@inproceedings{retouched-filter,
 author = {Donnet, Benoit and Baynat, Bruno and Friedman, Timur},
 title = {Retouched Bloom Filters: Allowing Networked Applications to Trade off Selected False Positives Against False Negatives},
 booktitle = {Proceedings of the 2006 ACM CoNEXT Conference},
 series = {CoNEXT '06},
 year = {2006},
 isbn = {1-59593-456-1},
 location = {Lisboa, Portugal},
 pages = {13:1--13:12},
 articleno = {13},
 numpages = {12},
 url = {http://doi.acm.org/10.1145/1368436.1368454},
 doi = {10.1145/1368436.1368454},
 acmid = {1368454},
 publisher = {ACM},
 address = {New York, NY, USA},
 keywords = {bit clearing, bloom filters, false negatives, false positives, measurement, traceroute},
}

@inproceedings{weighted-filter,
author = {Bruck, Jehoshua and Gao, Jie and Jiang, Anxiao},
booktitle = {IEEE International Symposium on Information Theory},
year = {2006},
month = {08},
pages = {2304 - 2308},
title = {Weighted Bloom Filter},
doi = {10.1109/ISIT.2006.261978}
}
